=000  00870cam a2200265 a 4500
=001 5814527
=005 20150319093508.0
=008 061207s2007 enk 000 0 eng d
=015  \\$aGBA6A4853$2bnb
=020  \\$a9781861978400 (pbk.) :$c£8.99
=020  \\$a9781861978400 (pbk.) :$c£8.99 
=035  \\$a(WlAbNL)vtls003566633
=035  \\$a(Uk)013625035
=035  \\$a1516680
=040  \\$aStDuBDS$beng$cStDuBDS$dWlAbNL$dUk
=042  \\$aukscp04
=082  04$a808.899206914$222=245  00$aAnother sky :bvoices of conscience from around the world /cedited by Lucy Popescu and Carole Seymour-Jones ; [foreword by Tom Stoppard].=260  \\$aaLondon :$bProfile,$c2007.=300  \\$aaxxviii, 275 p. ;$c20 cm=500  \\$aFormerly CIP.$5Uk =650  \0$aExiles' writings. 
=650  \0aExiles$vLiterary collections.
=700  1\$aPopescu, Lucy.
=700  1\$aSeymour-Jones, Carole.


=FMT	BK
=LDR	cam a2200337 a 4500
=001	013316327
=003	Uk
=005	20060112172419.0
=008	050315s2005    ilua     b    001 0 eng  
=010	\\$a2005007592
=015	\\$aGBA588999 |2 bnb
=016	7\$a 013316327 |2 Uk
=020	\\$a0226121992 (hbk.) :$c£17.50
=040	\\$a StDuBDS$beng$cStDuBDS$dUk
=042	\\$$aukblsr
=050	00$a QL751$b .C8825 2005
=082	00$a590$2 22
=100  1\$aCrump, Marty.
=245  10$aHeadless males make great lovers :$b& other unusual natural histories /$cMarty Crump ; with illustrations by Alan Crump.
=260  \\$aChicago, Ill. ;$a London :$bUniversity of Chicago Press,$c 2005.
=300  \\$a x, 199 p. :$bill. ;$c24 cm.
=336  \\$a text$2rdacontent
=337  \\$aunmediated$2rdamedia
=338  \\$avolume$2rdacarrier
=500  \\$aFormerly CIP.$5Uk
=504  \\$a Includes bibliographical references (p. [179]-192) and index.
=505  0\$aAin't Love Grand! -- The Mamas and the Papas -- Eat to Live and Live to Eat -- Don't Tread on Me -- Ya Don't Say!
=650  \0$aAnimal behavior.
=852	41$a British Library$bDSC$jm05/.37161
=852	41$a British Library$bHMNTS$jYK.2006.a.3664
=SYS	013316327

=LEADER 00000nam  2200000 a 4500 
=003   IeDuTC 
=005    20081219164339.0 
=008    050411r20062005enk           000 0deng   
=020	\\$a9780753820582 (pbk.) 
=020	\\$a0753820587 (pbk.) 
=038	\\$aUkLCURL 
=049 	\\$a|jCU|k0716527585|lc 
=100 1\$aMercer, Jeremy. 
=245 10$aBooks, baguettes and bedbugs :$bThe left bank world of Shakespeare & Co /|cJeremy Mercer. 
=260	\\$aLondon :$bPhoenix,$c2006. 
=300	\\$a260 p. ;$c20 cm. 
=500 	\\$aOriginally published: London: Weidenfeld & Nicolson, 2005. 
=600 10 $aMercer, Jeremy$xHomes and haunts$zFrance$zParis. 
=610 20 $aShakespeare and Company (Paris, France : 1964- ) 
=650  \0$aBooksellers and bookselling$zFrance$zParis$vBiography. 
=650  \0$aBookstores$zFrance$zParis$xHistory$y20th century. 
=935    IeDuTCb15307795 

	
=FMT	BK
