=LDR	     pam a2200289 a 4500
=001	014236018
=003	Uk
=005	20090224171649.0
=008	071029s2008    enka          000 0 eng d
=015	\\$a GBA788996$2bnb
=016	7\$a 014236018$2Uk
=020	\\$a9781844005864 (pbk.) :$c£12.99
=020	\\$a1844005860 (pbk.) :$c£12.99
=035	\\$a(UkCU)4551276
=038	\\$aUk
=040	\\$aStDuBDS$beng$cStDuBDS$dUkCU$dUk
=042	\\$aukscp
=082	04$a158.1$2 22
=100	1\$aStreet-Porter, Janet.
=245	10$aLife's too fucking short :$b a guide to getting what you want out of life without wasting time, effort or money / $cJanet Street-Porter.
=260	\\$aLondon :$bQuadrille,$c2008.
=300	\\$a176 p. :$bill. ;$c25 cm.
=336	\\$atext$2rdacontent
=337	\\$aunmediated$2rdamedia
=338	\\$avolume$2rdacarrier
=500	\\$aFormerly CIP.$5Uk
=650	\0$aSuccess.
=852	41$aBritish Library$bHMNTS$jYK.2009.a.5593
=SYS	014236018

=FMT	BK
