=LDR	     pam a2200193 a 4500
=001	015557478
=003	Uk
=005	20110720153814.0
=008	100511s2010    enkc          000 p eng d
=015	\\$aGBB063415$2bnb
=016	\7$a015557478$2Uk
=020	\\$a9781852248796 (pbk.) :$c£8.95
=020	\\$a1852248793 (pbk.) :$c£8.95
=040	\\$aStDuBDS$beng$cStDuBDS$dUk
=042	\\$aukblcatcopy
=082	04$a821.92080355$222
=245	00$aTen /$c edited by Bernardine Evaristo & Daljit Nagra.
=260	\\$aTarset :$bBloodaxe,$c2010.
=300	\\$a126 p. :$bports. ;$c20 cm.
=336	\\$atext$2rdacontent
=337	\\$aunmediated$2rdamedia
=338	\\$avolume$2rdacarrier
=500	\\$aPublished in association with Spread the Word.
=500	\\$aFormerly CIP.$5Uk
=650	\0$aEnglish poetry$y21st century.
=650	\0$aMulticulturalism$zGreat Britain$vPoetry.
=700	1\$aEvaristo, Bernardine.
=700	1\$aNagra, Daljit.
=710	2\$aSpread the Word.
=EXP	\\$aX$d20110319
=852	41$aBritish Library$bHMNTS$jYC.2011.a.10424
=SYS	015557478

=LEADER 00000nam  2200000   4500 
=003    IeDuTC 
=005    20070627124525.0 
=008    050115s2005    enk    e      000 0 eng   
=015 	\\$2bnb|aGBA514087 
=020 	\\$a1845130928 (hbk.) 
=035	\\$a(UkOxU)16025227 
=035	\\$a(UkLCURL)0716025227 
=038	\\$aUk 
=040	\\$aStDuBDS 
=049	\\$jCU$k0716025227$lb 
=082	04$a417.2$222 
=100	1\ $aWajnryb, Ruth,$d1948-
=245	10$aC U NEXT TUESDAY :$bA GOOD LOOK AT BAD LANGUAGE /$cRuth Wajnryb. 
=260	\\$aLondon :$bAurum,$c2005. 
=300	\\$axiii, 210 p. ;$c23 cm. 
=504	\\$aIncludes bibliographical references and index. 
=650	\0$aSlang. 
=650	\0$aWords, Obscene. 
=650	\0$aSwearing. 
=935	\\$aIeDuTCb14765354 

=LEADER 00000nam  2200000 a 4500 
=003    UkLCURL 
=008    100811s2010    enka          000 0 eng   
=015	\\$aGBB099378|2bnb 
=016	\\$a015630634|2Uk 
=020 	\\$a9781857596380 (pbk.) 
=020	\\$a1857596382 (pbk.) 
=035	\\$a(OCoLC)613434460 
=035	\\$a(StSaUL)$b16945530 
=038	\\$aOCoLC 
=040	\\$aUKM$cUKM$dBTCTA$dYDXCP$dCDX$dStSaUL 
=049	\\$jCU$k31b16945530$lo 
=059	\\$aBibliog$eA35:14 
=082	04$a027.5411$222 
=100	1\$aGordon-Brown, Iain. 
=245	10$aRax me that buik :$bHighlights from the collections of the National Library of Scotland /$cIain Gordon Brown. 
=260	\\$aLondon :$bScala Publishers Ltd.,$c2010. 
=300	\\$a144 p. :$bill. (chiefly col.) ;$c28 cm. 
=500	\\$aIllustrated on lining papers. 
=610	20$aNational Library of Scotland. 
=650	\0$aLibrary materials$zScotland. 
=650	\0$aNational libraries$xCollection development. 

=LEADER 00000nam  2200349Ia 4500 
=001    123375488 
=008    070413s2007    enka          000 0 eng   
=020	\\$a9781846680335|q(pbk.) 
=020	\\$a1846680336|q(pbk.) 
035	\\$a(OCoLC)123375488 
040	\\$aUKM$cUKM$dYDXCP$dEUW$dUtOrBLW 
100	1\$aGould, Tony.$0nb2008001185 
245	10$aCures & curiosities :$binside the Wellcome Library /$ccompiled & edited by Tony Gould; foreword by Sebastian 
       Faulks. 
260	\\$aLondon :$bProfile,$c2007. 
300	\\$axiii, 226 pages :$billustrations ;$c23 cm.
336	\\$atext$btxt$2rdacontent 
337	\\$aunmediated$bn$2rdamedia 
338	\\$avolume$bnc$2rdacarrier 
599	\\$agnd 
610	20$aWellcome Library.$0no2006065766 
650	\0$aMedicine$xHistory.$0sh 85083080 
650	\7$aMedical libraries.$2fast$0(OCoLC)fst01014324 
650	\7$aMedicine$xLibrary resources.$2fast|0(OCoLC)fst01014993 
650	\7$aMedicine.$2fast|0(OCoLC)fst01014893 
655	\7$aEssays.$2rbgenr 
698	\\$aYHY.431 
710	2\$aWellcome Library.$0no2006065766 
907	\\$a.b16595026 
998	\\$ahomc$awhml|b10-07-07$cm$da$e-$feng$genk$h0$i3 
998	\\$astax$awhml$b10-07-07$cm$da$e-$feng$genk$h0$i1 
998	\\$awhml$b10-07-07$cm$da$e-$feng$genk$h0$i1

