=LDR  01103cam a2200277 a 4500
=001  15074255
=005  20100304151806.0
=008  071107s2008\\\\nyu\\\\\\\\\\\000\0\eng\\
=010  \\$a  2007046163
=020  \\$a9780399533983
=040  \\$aDLC$cDLC$dDLC
=050  00$aPE1617.O94$bS54 2008
=082  00$a423/.028$222
=100  1\$aAmmon, Shea.
=245  10$aReading the OED :$bone man, one year, 21,730 pages /$cAmmon Shea.
=250  \\$a1st ed.
=260  \\$aNew York :$bPenguin Group,$c2008.
=300  \\$axvi, 223 p. ;$c21 cm.
=500  \\$a"A Perigee Book."
=630  00$aOxford English dictionary.
=650  \0$aEncyclopedias and dictionaries$xHistory and criticism.
=650  \0$aEnglish language$xLexicography.
=650  \0$aEnglish language$xEtymology.
=906  \\$a7$bcbc$corignew$d1$eecip$f20$gy-gencatlg
=925  0\$aacquire$b2 shelf copies$xpolicy default
=955  \\$alh46 2007-11-07$ilh46 2007-11-07 (teleworking)$elh46 2007-11-07 to Dewey$aaa11 2007-11-20$aps14 2008-06-27 bk rec'd, to CIP ver.$alg00 2008-07-18;$flg13 2008-08-06 to SL;$glg13 2008-08-06 to BCCD$trc11 2010-03-04 copy 2 added

