=LDR  01486cam a22003734a 4500
=001  16302020
=005  20100830171755.0
=008  931221s1993\\\\enk\\\\\\b\\\\001\0\eng\c
=010  \\$a   93246157 
=015  \\$aGB93-45578
=035  \\$a(OCoLC)ocm29670782
=040  \\$aMoSU-L$cSLU$dDLC$dUKM$dWCL$dZBL$dBTCTA$dUKV3G$dNLGGC$dCUY$dAU@$dDLC
=042  \\$alcnccp
=043  \\$ae-uk-en
=082  04$a344.2071409$220
=084  \\$a86.15$2bcl
=050  00$aKD620$b.J83 1993
=245  04$aThe Judges of England, 1272-1990 :$ba list of judges of the superior courts /$ccompiled for the Selden Society by Sir John Sainty.
=260  \\$aLondon :$bThe Society,$c1993.
=300  \\$axix, 284 p. ;$c26 cm.
=490  1\$aSupplementary series / Selden Society ;$vv. 10
=504  \\$aIncludes bibliographical references (p. xiii-xv) and index.
=650  \0$aJudges$zEngland$xRegisters.
=650  17$aRechterlijke organisatie.$2gtt
=650  17$aHoogste rechtscolleges.$2gtt
=653  0\$aJudges$aHistory
=653  0\$aEngland
=700  1\$aSainty, John.
=710  2\$aThe Selden Society.
=830  \0$aSupplementary series (Selden Society) ;$vv. 10.
=906  \\$a7$bcbc$corignew$d2$encip$f20$gy-gencatlg
=923  \\$d20100625$n280719$sWilliam S. Hein & Co, Inc.
=925  0\$aacquire$b2 shelf copies: Copy 1=LL RBR; Copy 2=shelf$xMWS 2010-08-26
=955  \\$bhh12 2010-06-25 z-processor, Copy ON ORDER for K. Carroll, Law$ahh15 2010-08-13 copy 1, v.10  to LAW$ixg04 2010-08-30 to LL